<?xml version="1.0" encoding="UTF-8"?><collection xmlns="http://www.loc.gov/MARC21/slim"><record><leader>00554nam--2200169-u-4500</leader><controlfield tag="001">000054611</controlfield><controlfield tag="002">20161230</controlfield><controlfield tag="005">20161230201051</controlfield><controlfield tag="008">120403s1000------------r-----000-0-eng-d</controlfield><datafield ind1=" " ind2=" " tag="040"><subfield code="a">IFIN-HH</subfield></datafield><datafield ind1=" " ind2=" " tag="080"><subfield code="a">439.14(043)</subfield></datafield><datafield ind1="1" ind2=" " tag="100"><subfield code="a">Wikstrom, Kjell</subfield></datafield><datafield ind1="1" ind2="0" tag="245"><subfield code="a">On the interactions of a few nucleons in the nulcear fields of 206pb and 208pb</subfield><subfield code="b">Investigations of high states using inbeam gamma-ray spectroscopy techniques</subfield><subfield code="c">Kjell wikstrom</subfield></datafield><datafield ind1=" " ind2=" " tag="260"><subfield code="a">Stockholm</subfield><subfield code="b">University</subfield><subfield code="c">1976</subfield></datafield><datafield ind1=" " ind2=" " tag="300"><subfield code="a">53P</subfield></datafield><datafield ind1=" " ind2=" " tag="852"><subfield code="a">43680</subfield><subfield code="c">539.14</subfield></datafield><datafield ind1=" " ind2=" " tag="CAT"><subfield code="a">Sys</subfield><subfield code="c">20120403</subfield><subfield code="h">123421</subfield></datafield></record></collection>